@article{graham2019,
  title={Artificial intelligence for mental health and mental illnesses: an overview},
  author={Graham, Sarah and Depp, Colin and Lee, Ellen E and Nebeker, Camille and Tu, Xin and Kim, Ho-Cheol and Jeste, Dilip V},
  journal={Current psychiatry reports},
  volume={21},
  number={11},
  pages={116},
  year={2019},
  publisher={Springer}
}

@article{rossi2020,
  title={COVID-19 pandemic and lockdown measures impact on mental health among the general population in Italy},
  author={Rossi, Rodolfo and Socci, Valentina and Talevi, Dalila and Mensi, Sonia and Niolu, Cinzia and Pacitti, Francesca and Di Marco, Antinisca and Rossi, Alessandro and Siracusano, Alberto and Di Lorenzo, Giorgio},
  journal={Frontiers in psychiatry},
  volume={11},
  pages={790},
  year={2020},
  publisher={Frontiers}
}

@article{schulte2016,
  title={Mental Health Problems in a School Setting in Children and Adolescents},
  author={Schulte-K{\"o}rne, Gerd},
  journal={Deutsches {\"A}rzteblatt International},
  volume={113},
  number={11},
  pages={183},
  year={2016},
  publisher={Deutscher Arzte-Verlag GmbH}
}

@article{shatte2019,
  title={Machine learning in mental health: a scoping review of methods and applications},
  author={Shatte, Adrian BR and Hutchinson, Delyse M and Teague, Samantha J},
  journal={Psychological medicine},
  volume={49},
  number={9},
  pages={1426--1448},
  year={2019},
  publisher={Cambridge University Press}
}

@article{thieme2020,
  title={Machine learning in mental health: A systematic review of the HCI literature to support the development of effective and implementable ML systems},
  author={Thieme, Anja and Belgrave, Danielle and Doherty, Gavin},
  journal={ACM Trans. Comput. Hum. Interact.},
  volume={27},
  year={2020}
}

@article{xiong2020,
  title={Impact of COVID-19 pandemic on mental health in the general population: A systematic review},
  author={Xiong, Jiaqi and Lipsitz, Orly and Nasri, Flora and Lui, Leanna MW and Gill, Hartej and Phan, Lee and Chen-Li, David and Iacobucci, Michelle and Ho, Roger and Majeed, Amna and others},
  journal={Journal of affective disorders},
  year={2020},
  publisher={Elsevier}
}
