@article{fabes2001,
  title={Parental Coping with Children's Negative Emotions: Relations with
         Children's Emotional and Social Responding},
  author={Fabes, Richard A and Leonard, Stacie A and Kupanoff, Kristina and Martin, Carol Lynn},
  journal={Child development},
  volume={72},
  number={3},
  pages={907--920},
  year={2001},
  publisher={Wiley Online Library}
}

@article{horner2013,
  title={Measuring Emotion Socialization in Schools},
  author={Horner, Christy G and Wallace, Tanner L},
  journal={Journal of School Health},
  volume={83},
  number={10},
  pages={697--703},
  year={2013},
  publisher={Wiley Online Library}
}

@article{jabeen2018,
  title={Cognitive Behavioural Therapy to Compute Psychological Illness of
         Students by Using an Expert System},
  author={Jabeen, SH and Sandhu, ME and Tahir, F and Amadullah, M and Noureen, N and others},
  journal={J Depress Anxiety},
  volume={7},
  number={315},
  pages={2167--1044},
  year={2018}
}

@article{kim2006,
  title={An Expert System Approach to Art Psychotherapy},
  author={Kim, Seong-in and Ryu, Hyun-Jung and Hwang, Jun-Oh and Kim, Marie Seong-Hak},
  journal={The Arts in Psychotherapy},
  volume={33},
  number={1},
  pages={59--75},
  year={2006},
  publisher={Elsevier}
}

@inproceedings{mamdani1981,
  author={E. H. {Mamdani}},
  booktitle={1981 20th IEEE Conference on Decision and Control including the Symposium on Adaptive Processes},
  title={A Fuzzy Rule-Based Method of Controlling Dynamic Processes},
  year={1981},
  pages={1098-1103}
}

@inproceedings{nunes2009,
  title={An Expert System Applied to the Diagnosis of Psychological Disorders},
  author={Nunes, Luciano Comin and Pinheiro, Pl{\'a}cido Rog{\'e}rio and Pequeno, Tarc{\'\i}sio Cavalcante},
  booktitle={2009 IEEE International Conference on Intelligent Computing and Intelligent Systems},
  volume={3},
  pages={363--367},
  year={2009},
  organization={IEEE}
}

@article{schulte2016,
  title={Mental Health Problems in a School Setting in Children and Adolescents},
  author={Schulte-K{\"o}rne, Gerd},
  journal={Deutsches {\"A}rzteblatt International},
  volume={113},
  number={11},
  pages={183},
  year={2016},
  publisher={Deutscher Arzte-Verlag GmbH}
}

@article{wang2014,
  title={Measuring Engagement in Fourth to Twelfth Grade Classrooms: The Classroom Engagement Inventory.},
  author={Wang, Ze and Bergin, Christi and Bergin, David A},
  journal={School Psychology Quarterly},
  volume={29},
  number={4},
  pages={517},
  year={2014},
  publisher={Educational Publishing Foundation}
}

@article{zadeh1965,
  title={Fuzzy Sets},
  author={Zadeh, Lotfi A},
  journal={Information and Control},
  volume={8},
  number={3},
  pages={338--353},
  year={1965},
  publisher={Elsevier}
}
