@article{calinski1974,
  title={A dendrite method for cluster analysis},
  author={Cali{\'n}ski, Tadeusz and Harabasz, Jerzy},
  journal={Communications in Statistics-theory and Methods},
  volume={3},
  number={1},
  pages={1--27},
  year={1974},
  publisher={Taylor \& Francis}
}
@article{chiu1994,
  title={Fuzzy model identification based on cluster estimation},
  author={Chiu, Stephen L},
  journal={Journal of Intelligent \& fuzzy systems},
  volume={2},
  number={3},
  pages={267--278},
  year={1994},
  publisher={IOS Press}
}
@article{yager1994,
  title={Approximate clustering via the mountain method},
  author={Yager, Ronald R and Filev, Dimitar P},
  journal={IEEE Transactions on Systems, Man, and Cybernetics},
  volume={24},
  number={8},
  pages={1279--1284},
  year={1994},
  publisher={IEEE}
}
@article{davies1979,
  title={A cluster separation measure},
  author={Davies, David L and Bouldin, Donald W},
  journal={IEEE transactions on pattern analysis and machine intelligence},
  number={2},
  pages={224--227},
  year={1979},
  publisher={IEEE}
}

@article{schulte2016,
  title={Mental Health Problems in a School Setting in Children and Adolescents},
  author={Schulte-K{\"o}rne, Gerd},
  journal={Deutsches {\"A}rzteblatt International},
  volume={113},
  number={11},
  pages={183},
  year={2016},
  publisher={Deutscher Arzte-Verlag GmbH}
}
@article{von2007,
  title={A tutorial on spectral clustering},
  author={Von Luxburg, Ulrike},
  journal={Statistics and computing},
  volume={17},
  number={4},
  pages={395--416},
  year={2007},
  publisher={Springer}
}
